@online{tiobe0516,
  author = {Tiobe},
  title = {TIOBE Index for May},
  year = {2016},
  url = {http://www.tiobe.com/tiobe_index},
}

@online{sed,
  author = {Aurelio Jargas},
  title = {The sed \$HOME},
  url = {http://sed.sourceforge.net},
}

@online{awk,
  author = {Free Software Foundation},
  title = {Gawk},
  url = {https://www.gnu.org/software/gawk},
}

@online{python,
  author = {Python},
  title = {Python Software Foundation},
  url = {https://www.python.org},
}

@online{crf++,
  author = {Taku Kudo},
  title = {CRF$++$: Yet Another CRF toolkit},
  url = {https://taku910.github.io/crfpp/},
}

@article{Calvo:2016:MSL:2899534.2899729,
 author = {Calvo, Marcos and Hurtado, Llu\'{\i}s-Felip and Garcia, Fernando and Sanchis, Emilio and Segarra, Encarna},
 title = {Multilingual Spoken Language Understanding Using Graphs and Multiple Translations},
 journal = {Comput. Speech Lang.},
 issue_date = {July 2016},
 volume = {38},
 number = {C},
 month = jul,
 year = {2016},
 issn = {0885-2308},
 pages = {86--103},
 numpages = {18},
 url = {https://dx.doi.org/10.1016/j.csl.2016.01.002},
 doi = {10.1016/j.csl.2016.01.002},
 acmid = {2899729},
 publisher = {Academic Press Ltd.},
 address = {London, UK, UK},
 keywords = {Graph of concepts, Graph of words, Multilingual Language Understanding, Statistical semantic models},
}

@INPROCEEDINGS{Benedi:Dihana,
  author = {Bened{\'{\i}}, J. M. and Lleida, Eduardo and Varona, A. and Castro-Bleda, M. J. and Galiano, I. and Justo, R. and de Letona, I{\'{a}}igo L{\'{o}}pez and Miguel, Antonio},
  month = may,
  title = {Design and acquisition of a telephone spontaneous speech dialogue corpus in Spanish: DIHANA},
  booktitle = {Proceedings of the 5th International Conference on Language Resources and Evaluation (LREC 2006)},
  year = {2006},
  pages = {1636-1639},
  organization = {European Language Resources Association (ELRA)},
  address = {Genoa (Italy)},
  note = {24-25-26 May 2006},
}

@inproceedings{citeulike:11988645,
  author = {Mairesse, F. and Gasic, M. and Jurcicek, F. and Keizer, S. and Thomson, B. and Yu, K. and Young, S.},
  institution = {Eng. Dept., Cambridge Univ., Cambridge},
  month = apr,
  pages = {4749-4752},
  posted-at = {2013-08-08 15:16:05},
  publisher = {IEEE},
  title = {{Cross-Lingual Spoken language understanding from unaligned data using discriminative classification models}},
  year = {2009}
}

@INPROCEEDINGS{266526,
  author={S. Seneff},
  booktitle={Acoustics, Speech, and Signal Processing, 1989. ICASSP-89., 1989 International Conference on},
  title={TINA. A probabilistic syntactic parser for speech understanding systems},
  year={1989},
  pages={711-714 vol.2},
  doi={10.1109/ICASSP.1989.266526},
  ISSN={1520-6149},
  month={May}
}

@INPROCEEDINGS{1318502,
author={Gregoire Mesnil y col.},
booktitle={IEEE/ACM transactions on audio, speech, and language processing, vol. 23, no. 3},
title={Using Recurrent Neural Networks for Slot Filling in Spoken Language Understanding},
year={2015},
month={March}
}

@inproceedings{Lafferty:2001:CRF:645530.655813,
 author = {Lafferty, John D. and McCallum, Andrew and Pereira, Fernando C. N.},
 title = {Conditional Random Fields: Probabilistic Models for Segmenting and Labeling Sequence Data},
 booktitle = {Proceedings of the Eighteenth International Conference on Machine Learning},
 series = {ICML '01},
 year = {2001},
 pages = {282--289},
 numpages = {8},
 url = {https://dl.acm.org/citation.cfm?id=645530.655813},
 acmid = {655813},
 publisher = {Morgan Kaufmann Publishers Inc.},
 address = {San Francisco, CA, USA},
}

@inproceedings{ortega2010,
  author = {Luc\'{i}a Ortega and Isabel Galiano and  Llu\'{i}s-F. Hurtado and  Emilio Sanchis and
 Encarna Segarra},
  title = {A Statistical Segment-Based Approach for Spoken Language Understanding},
  booktitle = {Proc. of InterSpeech 2010},
  pages = {1836-1839},
  address =  {Makuhari, Chiba, Japan},
  year = {2010}
}

@Article{segarra2002,
  author = {E. Segarra and E. Sanchis and M. Galiano and F. Garc\'ia and L. Hurtado},
  title = {{Extracting Semantic Information Through Automatic Learning Techniques}},
  journal = {IJPRAI},
  altjournal = {International Journal of Pattern Recognition and Artificial Intelligence},
  year = 2002,
  volume = 16,
  number =   3,
  pages = {301--307},
}

@inproceedings{SLT2012,
  author = {F. Garc\'{i}a and L.F. Hurtado and E. Segarra and E. Sanchis and Giuseppe Riccardi},
  title = {{Combining multiple translation systems for Spoken Language Understanding portability}},
  booktitle = {Proc. of IEEE Workshop on Spoken Language Technology (SLT 2012)},
  address =  {Miami},
  year = {2012},
  pages = {282--289},
}
